<?xml version="1.0" encoding="UTF-8"?><collection xmlns="http://www.loc.gov/MARC21/slim"><record><leader>00416nam--2200121-i-4500</leader><controlfield tag="001">000004170</controlfield><controlfield tag="002">20161230</controlfield><controlfield tag="005">20161230201025</controlfield><controlfield tag="008">060222s1000------------r-----000-0-eng-d</controlfield><datafield ind1=" " ind2=" " tag="100"><subfield code="a">Agarbiceanu, I,</subfield></datafield><datafield ind1=" " ind2=" " tag="245"><subfield code="a">Recherches sur le spectre de fluorescence et d absorption de la vapeure de i2. theses presentees a la faculte des sciences de l universite de paris</subfield></datafield><datafield ind1=" " ind2=" " tag="260"><subfield code="a">Paris, Masson Et C-ie, 1934 108 P</subfield></datafield><datafield ind1=" " ind2=" " tag="852"><subfield code="a">5229</subfield></datafield></record></collection>